@online{wiki:quizlet,
  title        = "Quizlet",
  howpublished = "Wikipedia, the free encyclopedia",
  url          = {https://en.wikipedia.org/wiki/Quizlet},
  urldate      = "10.01.2021",
  language     = "english"
}
@online{wiki:server,
  title        = "Server (computing)",
  howpublished = "Wikipedia, the free encyclopedia",
  url          = {https://en.wikipedia.org/wiki/Server_(computing)},
  urldate      = "10.01.2021",
  language     = "english"
}
@online{wiki:webserver,
  title        = "Web server",
  howpublished = "Wikipedia, the free encyclopedia",
  url          = {https://en.wikipedia.org/wiki/Web_server},
  urldate      = "10.01.2021",
  language     = "english"
}
@online{britannica:db,
  title        = "Database",
  howpublished = "Encyclopedia Britannica",
  url          = {https://www.britannica.com/technology/database/},
  urldate      = "10.01.2021",
  language     = "english"
}
@online{aero:key,
  title        = "Data Model",
  howpublished = "AS101 Intro to Aerospike Community Edition",
  urldate      = "10.01.2021",
  url          = {https://academy.aerospike.com/as101-intro-to-aerospike-community-edition/299211},
  language     = "english"
}
@online{tkconf,
  author       = "Даниил Подольский",
  title        = "SQL vs NoSQL: проблема выбора",
  howpublished = "TK Conf",
  urldate      = "10.01.2021",
  url          = {https://www.youtube.com/watch?v=zOEvutrfYt0},
  language     = "russian"
}
@online{ibm,
  author       = "Benjamin Anderson",
  title        = "SQL vs. NoSQL Databases: What's the Difference?",
  howpublished = "IBM Cloud",
  urldate      = "10.01.2021",
  url          = {https://www.ibm.com/cloud/blog/sql-vs-nosql},
  language     = "english"
}
@online{mongo,
  title        = "SQL vs. NoSQL Databases: What's the Difference?",
  howpublished = "IBM Cloud",
  urldate      = "10.01.2021",
  url          = {https://www.mongodb.com/nosql-explained},
  language     = "english"
}
@online{mongo:never,
  title        = "Why You Should Never Use MongoDB",
  author       = "Sarah Mei",
  urldate      = "10.01.2021",
  url          = {http://www.sarahmei.com/blog/2013/11/11/why-you-should-never-use-mongodb/},
  language     = "english"
}
@online{graphql:rest,
  title        = "REST vs GraphQL APIs, the Good, the Bad, the Ugly ",
  author       = "Derric Gilling",
  urldate      = "10.01.2021",
  url          = {https://www.moesif.com/blog/technical/graphql/REST-vs-GraphQL-APIs-the-good-the-bad-the-ugly/},
  language     = "english"
}
@online{aero:clients,
  title        = "Development Overview",
  howpublished = "Aerospike Docs",
  url          = {https://www.aerospike.com/docs/client/index.html},
  urldate      = "10.01.2021",
  language     = "english"
}
@online{aero:foreign,
  title        = "Modelling Conceps",
  howpublished = "Aerospike Docs",
  url          = {https://www.aerospike.com/docs/guide/cdt-list-examples.html\#modeling-concepts},
  urldate      = "10.01.2021",
  language     = "english"
}
@article{article:join,
  author  = "John Klein and et al",
  title   = "Performance Evaluation of NoSQL Databases:  A Case Study",
  journal = "PABS '15: Proceedings of the 1st Workshop on Performance Analysis of Big Data Systems",
  year    = 2015,
  pages   = "5--10"
}
@book{book:ency,
  title      = {Encyclopedia of Database Systems},
  author     = {Ling Liu and M. Tamer Özsu},
  url        = {https://link.springer.com/referencework/10.1007/978-0-387-39940-9},
  year       = {2009},
  publisher  = {Springer, Boston, MA},
  language  = "english"
}
@article{article:modelling,
  author  = "Paolo Atzenia and et al",
  title   = "Data modeling in the NoSQL world",
  journal = "Computer Standards \& Interfaces",
  year    = 2020,
  pages   = "3--5"
}
@article{gost,
  title   = "Организация данных в системах обработки данных. Термины и определения",
  journal = "ГОСТ 20886-85",
  year    = 2018,
  language = "ru"
}
@article{article:graph,
  author  = "Yelda Unal and Halit Oguztuzun",
  title   = "Migration of Data from Relational Database to Graph Database",
  journal = "ICIST '18: Proceedings of the 8th International Conference on Information Systems and Technologies",
  year    = 2018,
  pages   = "1--5"
}
@book{book:fourier,
  title      = {Ряды и интеграл Фурье: Теория поля. Аналитические и специальные функции. Преобразование Лапласа},
  author     = {Кожевников, Н.И. and Краснощекова, Т.И. and Шишкин, Н.Е.},
  lccn       = {66051327},
  series     = {Избранные главы высшей математики для инженеров и студентов втузов. Задачи и упражнения},
  url        = {http://books.google.ru/books?id=xvXuAAAAMAAJ},
  year       = {1964},
  publisher  = {Наука},
  eprint     = {http://books.google.ru/books?id=xvXuAAAAMAAJ},
  eprinttype = {Google Books},
  language  = "russian"
}
